@misc{atutor,
howpublished = "\url{http://atutor.ca/}",
title = "ATutor Learning Management System",
key = "atu",
month = sep,
year = {2012},
}

@misc{webct,
howpublished = "\url{http://www.webct.com/}",
title = "Web Course Tools",
key = "wct",
month = sep,
year = {2012},
}

@misc{moodle,
howpublished = "\url{http://moodle.org/}",
title = "Moodle: Open-Source community-based tools for learning",
key = "mdl",
month = sep,
year = {2012},
}

@misc{sakai,
howpublished = "\url{http://www.sakaiproject.org/}",
title = "Sakai Project",
key = "sak",
month = sep,
year = {2012},
}

@misc{egroupware,
howpublished = "\url{http://www.egroupware.org/}",
title = "EGroupWare",
key = "egw",
month = sep,
year = {2012},
}

@misc{ilias,
howpublished = "\url{https://www.ilias.de/}",
title = "ILIAS E-Learning",
key = "ili",
month = sep,
year = {2012},
}

@misc{ethercodes,
howpublished = "\url{http://ethercodes.com/}",
title = "Ether Code",
key = "etc",
month = sep,
year = {2012},
}

@misc{notapipe,
howpublished = "\url{http://notapipe.net/}",
title = "Notapipe",
key = "npp",
month = sep,
year = {2012},
}

@misc{amyeditor,
howpublished = "\url{http://www.amyeditor.com/}",
title = "Amy Editor",
key = "amy",
month = sep,
year = {2012},
}

@misc{jsbin,
howpublished = "\url{http://jsbin.com/}",
title = "JSBin",
key = "jsb",
month = sep,
year = {2012},
}

@misc{skywriter,
howpublished = "\url{https://mozillalabs.com/en-US/skywriter/}",
title = "Mozilla Skywriter",
key = "skw",
month = sep,
year = {2012},
}

@misc{opencoweb,
howpublished = "\url{http://opencoweb.org/}",
title = "Open Cooperative Web Framework",
key = "ocw",
month = sep,
year = {2012},
}

@book{moodlebook,
title = "Moodle 1.9 Extension Development",
author = "J. Moore and M. Churchward",
year = "2010",
publisher = "PACKT",
}

@book{jquery,
title = "jQuery Fundamentals",
author = "Rebecca Murphey",
year = "2011",
}

@book{jqueryII,
title = "jQuery: Novice to Ninja",
author = "Earle Castledine and Craig Sharkie",
year = "2011",
}

@book{php,
title = "Advanced PHP Programming",
author = "George Schlossnagle",
year = "2004",
publisher = "Sams",
}

@misc{eclipsegavab,
howpublished = "\url{http://www.sidelab.es/projects/eclipsegavab/}",
title = "EclipseGavab",
key = "egv",
author = "Gortázar, Patxi and Gallego, Micael",
month = sep,
year = {2012},
publisher = "Universidad Rey Juan Carlos",
}

@book{isoftware,
title = "Ingeniería del Software",
author = "Luque Ruiz, Irene and  Gómez-Nieto, Miguel Ángel",
year = "1999",
publisher = "Universidad de Córdoba",
}

@book{isoftwareII,
title = "Ingeniería del Software",
author = "Sommerville, I.",
year = "1988",
publisher = "Addison-Wesley",
ISBN = "978-84-7801-486-6",
}

@book{isoftwareIII,
title = "Ingeniería del Software",
author = "Pressman, R.S.",
year = "1993",
publisher = "McGraw-Hill",
}

@book{bd,
title = "Diseño y uso de bases de datos relacionales",
author = "Luque Ruiz, Irene and  Gómez-Nieto, Miguel Ángel",
year = "1997",
publisher = "Ra-Ma Editorial",
}

@book{analisis,
title = "Análisis y diseño detallado de Aplicaciones Informáticas de Gestión",
author = "M.G. Piattini  and J.A. Calvo-Manzano",
year = "1996",
publisher = "Ra-Ma Editorial",
}