@Book{mobile_robots,
  author = {Joseph L. Jones; Anita M. Flynn y Bruce A. Seiger},
  OPTeditor = {},
  title = {Mobile Robots: Inspiration to implementation (2nd edition).},
  publisher = {AK Peters},
  year = {1998},
  series = {ISBN 1-56881-097-0},
  OPTkey = {},
  OPTvolume = {},
  OPTnumber = {},
  OPTseries = {},
  OPTaddress = {},
  OPTedition = {},
  OPTmonth = {},
  OPTnote = {},
  OPTannote = {}
}